@article{proposal_koehne,
title     ={{PROPOSAL: A tool for propagation of charged leptons}},
author    = {Koehne, J.-H. and
             Frantzen, K. and
             Schmitz, M. and
             Fuchs, T. and
             Rhode, W. and
             Chirkin, D. and
             Tjus, J. Becker},
journal   = {Comput. Phys. Commun.},
volume    = {184},
number    = {9},
pages     = {2070--2090},
year      = {2013},
doi       = {10.1016/j.cpc.2013.04.001}
}

@unpublished{muon_deflection,
  author          = {Gutjahr, P. and Alameddine, J.-M. and Sandrock, A. and Soedingrekso, J. B. and HÃ¼nnefeld, M. and Rhode, W.},
  title           = {{Simulation of Deflection Uncertainties on Directional Reconstructions of Muons Using PROPOSAL}},
  year            = {2022},
  note            = {submitted to EPJ C},
  arXiv           = {https://arxiv.org/abs/2208.11902} 
}

@manual{Geant4,
  author       = {{Geant4 Collaboration}},
  title        = {Geant4 Physics Reference Manual},
  edition      = {11.0},
  year         = {2021}
}

@article{MUSIC,
  author          = {Antonioli, P. and Ghetti, C. and Korolkova, E.V. and Kudryavtsev, V.A. and Sartorelli, G.},
  journal         = {Astropart. Phys.},
  title           = {A three-dimensional code for muon propagation through the rock: {MUSIC}},
  volume          = {7},
  year            = {1997},
  pages           = {357-368},
  doi             = {10.1016/S0927-6505(97)00035-2},
  eprinttype = {arXiv},
  eprint = {hep-ph/9705408}
}